@book{mitchell1997,
  title={Machine learning. WCB},
  author={Mitchell, Tom M and others},
  year={1997},
  publisher={McGraw-Hill Boston, MA:}
}

@book{goodfellow2016,
    title={Deep Learning},
    author={Ian Goodfellow and Yoshua Bengio and Aaron Courville},
    publisher={MIT Press},
    note={\url{http://www.deeplearningbook.org}},
    year={2016}
}

@inproceedings{cohen1996,
  title={Learning rules that classify e-mail},
  author={Cohen, William W and others},
  booktitle={AAAI spring symposium on machine learning in information access},
  volume={18},
  pages={25},
  year={1996},
  organization={California}
}

@inproceedings{aggarwal2001,
  title={On the surprising behavior of distance metrics in high dimensional space},
  author={Aggarwal, Charu C and Hinneburg, Alexander and Keim, Daniel A},
  booktitle={International Conference on Database Theory},
  pages={420--434},
  year={2001},
  organization={Springer}
}

@book{shwartz2014,
  author =       {Shai Shalev-Shwartz and Shai Ben-David},
  title =        {Understanding Machine Learning},
  year =         {2014},
  publisher =    {Cambridge University Press},
  url =          {http://www.cs.huji.ac.il/~shais/UnderstandingMachineLearning},
  pages =        {nil},
  series =       {nil},
}

@article{kononenko2001,
  title={Machine learning for medical diagnosis: history, state of the art and perspective},
  author={Kononenko, Igor},
  journal={Artificial Intelligence in medicine},
  volume={23},
  number={1},
  pages={89--109},
  year={2001},
  publisher={Elsevier}
}

@article{phua2010,
  title={A comprehensive survey of data mining-based fraud detection research},
  author={Phua, Clifton and Lee, Vincent and Smith, Kate and Gayler, Ross},
  journal={arXiv preprint arXiv:1009.6119},
  year={2010}
}

@inproceedings{ranzato,
  title={Unsupervised learning of invariant feature hierarchies with applications to object recognition},
  author={Ranzato, Marc Aurelio and Huang, Fu Jie and Boureau, Y-Lan and LeCun, Yann},
  booktitle={Computer Vision and Pattern Recognition, 2007. CVPR'07. IEEE Conference on},
  pages={1--8},
  year={2007},
  organization={IEEE}
}
@article{hofmann,
  title={Unsupervised learning by probabilistic latent semantic analysis},
  author={Hofmann, Thomas},
  journal={Machine learning},
  volume={42},
  number={1-2},
  pages={177--196},
  year={2001},
  publisher={Springer}
}
@article{brent,
  title={From grammar to lexicon: unsupervised learning of lexical syntax},
  author={Brent, Michael R},
  journal={Computational Linguistics},
  volume={19},
  number={2},
  pages={243--262},
  year={1993},
  publisher={MIT Press}
}
@inproceedings{erhan2009,
  title={The difficulty of training deep architectures and the effect of unsupervised pre-training},
  author={Erhan, Dumitru and Manzagol, Pierre-Antoine and Bengio, Yoshua and Bengio, Samy and Vincent, Pascal},
  booktitle={International Conference on artificial intelligence and statistics},
  pages={153--160},
  year={2009}
}
@article{hinton06,
  title={A fast learning algorithm for deep belief nets},
  author={Hinton, Geoffrey E and Osindero, Simon and Teh, Yee-Whye},
  journal={Neural computation},
  volume={18},
  number={7},
  pages={1527--1554},
  year={2006},
  publisher={MIT Press}
}
@Manual{shiny,
  title = {shiny: Web Application Framework for R},
  author = {Winston Chang and Joe Cheng and JJ Allaire and Yihui Xie and Jonathan McPherson},
  year = {2016},
  note = {R package version 0.13.2},
  url = {https://cran.r-project.org/package=shiny},
}
@MastersThesis{darch,
  title = {Implementierung und Analyse von tiefen Architekturen in R},
  author = {Martin Drees},
  year = {2013},
  school = {Fachhochschule Dortmund},
  url = {https://cran.r-project.org/package=darch},
}
@Manual{h2oR,
  title = {h2o: R Interface for H2O},
  author = {Spencer Aiello and Tom Kraljevic and Petr Maj and with contributions from the H2O.ai team},
  year = {2016},
  note = {R package version 3.8.1.3},
  url = {https://CRAN.R-project.org/package=h2o},
}
@Manual{devtools,
  title = {devtools: Tools to Make Developing R Packages Easier},
  author = {Hadley Wickham and Winston Chang},
  note = {R package version 1.11.0.9000},
  url = {https://github.com/hadley/devtools},
}
@inproceedings{coates,
  title={An analysis of single-layer networks in unsupervised feature learning},
  author={Coates, Adam and Ng, Andrew Y and Lee, Honglak},
  booktitle={International conference on artificial intelligence and statistics},
  pages={215--223},
  year={2011}
}
@misc{Lichman:2013 ,
author = "M. Lichman",
year = "2013",
title = "{UCI} Machine Learning Repository",
url = "http://archive.ics.uci.edu/ml",
institution = "University of California, Irvine, School of Information and Computer Sciences" }
@article{mnistlecun,
  author = {Lecun, Yann and Cortes, Corinna},
  citeulike-article-id = {599493},
  citeulike-linkout-0 = {http://yann.lecun.com/exdb/mnist/},
  keywords = {ai, mnist, recognition},
  posted-at = {2009-03-20 17:02:13},
  priority = {2},
  year = "2009",
  title = {{The MNIST database of handwritten digits}},
  url = {http://yann.lecun.com/exdb/mnist/}
}

@inproceedings{bergstra2011algorithms,
  title={Algorithms for hyper-parameter optimization},
  author={Bergstra, James S and Bardenet, R{\'e}mi and Bengio, Yoshua and K{\'e}gl, Bal{\'a}zs},
  booktitle={Advances in Neural Information Processing Systems},
  pages={2546--2554},
  year={2011}
}
@techreport{Rumelhart,
  title={Learning internal representations by error propagation},
  author={Rumelhart, David E and Hinton, Geoffrey E and Williams, Ronald J},
  year={1985},
  institution={DTIC Document}
}
@inproceedings{poultney,
  title={Efficient learning of sparse representations with an energy-based model},
  author={Poultney, Christopher and Chopra, Sumit and Cun, Yann L and others},
  booktitle={Advances in neural information processing systems},
  pages={1137--1144},
  year={2006}
}
@inproceedings{Vincent,
 author = {Vincent, Pascal and Larochelle, Hugo and Bengio, Yoshua and Manzagol, Pierre-Antoine},
 title = {Extracting and Composing Robust Features with Denoising Autoencoders},
 booktitle = {Proceedings of the 25th International Conference on Machine Learning},
 series = {ICML '08},
 year = {2008},
 isbn = {978-1-60558-205-4},
 location = {Helsinki, Finland},
 pages = {1096--1103},
 numpages = {8},
 acmid = {1390294},
 publisher = {ACM},
}
@inproceedings{rifai,
  title={Contractive auto-encoders: Explicit invariance during feature extraction},
  author={Rifai, Salah and Vincent, Pascal and Muller, Xavier and Glorot, Xavier and Bengio, Yoshua},
  booktitle={Proceedings of the 28th international conference on machine learning (ICML-11)},
  pages={833--840},
  year={2011}
}
@ARTICLE{bengio:2013,
  author={Y. Bengio and A. Courville and P. Vincent},
  journal={IEEE Transactions on Pattern Analysis and Machine Intelligence},
  title={Representation Learning: A Review and New Perspectives},
  year={2013},
  volume={35},
  number={8},
  pages={1798-1828},
  keywords={artificial intelligence;data structures;probability;unsupervised learning;AI;autoencoders;data representation;density estimation;geometrical connections;machine learning algorithms;manifold learning;probabilistic models;representation learning;unsupervised feature learning;Abstracts;Feature extraction;Learning systems;Machine learning;Manifolds;Neural networks;Speech recognition;Boltzmann machine;Deep learning;autoencoder;feature learning;neural nets;representation learning;unsupervised learning;Algorithms;Artificial Intelligence;Humans;Neural Networks (Computer)},
  doi={10.1109/TPAMI.2013.50},
  ISSN={0162-8828},
  month={Aug},
}
